<?xml version="1.0" encoding="UTF-8"?><collection xmlns="http://www.loc.gov/MARC21/slim"><record><leader>00721nam--2200181-u-4500</leader><controlfield tag="001">000054410</controlfield><controlfield tag="002">20161230</controlfield><controlfield tag="005">20161230201051</controlfield><controlfield tag="008">111207s1000------------r-----000-0-rus-d</controlfield><datafield ind1=" " ind2=" " tag="040"><subfield code="a">IFIN-HH</subfield></datafield><datafield ind1=" " ind2=" " tag="041"><subfield code="a">rus</subfield></datafield><datafield ind1=" " ind2=" " tag="080"><subfield code="a">543.42</subfield></datafield><datafield ind1="1" ind2=" " tag="110"><subfield code="a">Bulgarian Academy Of Sciences</subfield></datafield><datafield ind1="1" ind2="0" tag="245"><subfield code="a">Dokladi invited papers viii ncs 1978</subfield><subfield code="b">Viii nationalinaia konferentia po atomnoi spektroskopii s mejdunarodnim uceastiem, 25-28 sentiabria 1978, varna-drujba, bolgaria viii national conference on atomc spectroscopy with international participation, september 25-28, 1978, varna-druzhba, bulgariA</subfield></datafield><datafield ind1=" " ind2=" " tag="260"><subfield code="a">Varna</subfield><subfield code="b">Bulgarian Academy Of Sciences</subfield><subfield code="c">1978</subfield></datafield><datafield ind1=" " ind2=" " tag="300"><subfield code="a">303P</subfield></datafield><datafield ind1=" " ind2=" " tag="852"><subfield code="a">48743</subfield><subfield code="c">539.12</subfield></datafield><datafield ind1=" " ind2=" " tag="CAT"><subfield code="a">Sys</subfield><subfield code="c">20111207</subfield><subfield code="h">145647</subfield></datafield></record></collection>